1856 2610
239 206 291 239 12
731 191 1124 242 ψῆΐὲγῆΐῷᾃὼ

171 319 236 347 ma
266 319 287 346 e
311 303 531 360 Speciebus
554 304 725 357 cognitis
750 305 964 357 proprium
981 305 1021 343 in
1048 302 1162 344 usum
1180 303 1393 347 delineavit
1401 320 1417 358 ,·
1450 306 1563 362 quod
1585 321 1684 350 vero

170 375 329 419 facilem
355 376 398 417 Sc
427 375 679 417 scientificam
695 374 748 416 ob
776 373 952 416 formam
979 372 1148 426 adjicere
1181 374 1405 418 debuimus.
1474 378 1573 418 Non
1605 379 1686 420 fine

171 448 444 504 qualicunque
473 445 580 498 sensu
616 444 842 486 reluctantis
870 447 990 486 animi
1005 445 1077 496 est,
1096 445 1194 487 dum
1222 446 1353 489 ideam
1374 447 1550 504 sequitur
1567 450 1685 505 inSy-

171 520 335 560 stemate
360 518 527 558 Naturae
552 515 772 557 reformato
791 516 944 567 datam,
981 530 1071 572 quae
1097 517 1330 559 Natantium
1363 519 1515 575 aliquot
1540 534 1688 574 genera

173 590 223 631 ad
245 587 533 647 Qadrupedia
564 589 703 640 mittit,
738 587 802 627 vel
816 586 982 628 Piscium
1001 601 1148 641 genera
1172 589 1363 630 nonnulla
1380 589 1448 631 sub
1459 591 1686 646 Amphiln'o-

173 674 265 703 rum
289 660 402 713 signo
428 657 557 701 trahit.
624 658 799 699 Gratum
830 656 958 699 fuisset
976 658 1113 699 audire
1138 659 1364 701 Auctorem
1396 660 1685 716 Philosophum

174 730 298 773 fufius
323 729 573 771 differentem
589 730 629 769 in
651 730 848 780 rationeS,
883 729 1032 785 quibus
1049 729 1236 771 inducTius
1252 743 1377 772 totam
1401 731 1504 773 hanc
1524 732 1687 774 destruit

176 802 369 853 Classem,
402 800 638 842 debiliffimo
668 801 840 856 antiquas
869 799 1205 842 denominationis
1226 800 1493 843 fundamento
1516 803 1685 844 inflsten-

175 886 283 926 tem,
318 873 527 927 propriam
545 885 644 912 vero
668 873 924 925 provinciam
951 871 1177 913 rebellionis
1195 859 1448 914 contumacia
1468 873 1685 915 defend-2112

175 957 292 997 tem3
344 942 453 984 unde
481 956 567 983 non
597 942 707 983 aliter
727 942 811 983 fieri
845 943 1003 996 potest,
1059 957 1184 998 quam
1208 943 1320 998 quod
1348 945 1510 1001 reliquae
1543 945 1687 987 Clasi'es

177 1014 428 1057 Animalium
457 1013 608 1068 species
642 1012 714 1054 has
736 1045 746 1064 ,
797 1025 990 1068 tanquam
1034 1013 1202 1054 totidem
1235 1014 1458 1069 transfugas
1493 1015 1687 1057 accusant.

176 1085 258 1140 Ipsa
287 1085 464 1126 definitio
495 1084 727 1138 Amphibii,
763 1098 1012 1140 quocunque
1037 1083 1207 1126 demum
1226 1087 1389 1128 artificio
1408 1100 1583 1139 tornata,
1618 1089 1687 1129 vix

176 1156 332 1199 sensum
361 1157 540 1197 Scientiae
558 1155 739 1197 Naturali
757 1169 990 1209 congruum
1009 1155 1189 1197 admittit.

364 1228 549 1270 Deficere
576 1227 813 1276 Forsksilium
837 1229 877 1268 in
907 1228 1017 1281 copia
1043 1228 1267 1281 specierum
1293 1229 1479 1272 lubenter
1504 1229 1687 1271 concedi-

176 1314 278 1342 mus.
359 1299 486 1340 Hunc
514 1298 737 1339 monstrant
763 1297 968 1339 defeetum
1000 1299 1181 1340 Nomina
1213 1314 1363 1352 vacua,
1398 1301 1545 1357 quibus
1569 1301 1688 1344 nulla:

176 1371 378 1413 adhaerent
405 1369 699 1423 descriptiones.
765 1369 841 1410 Hae
864 1369 1015 1410 lacunae
1036 1368 1160 1410 fidem
1183 1371 1374 1413 Auctoris
1404 1373 1581 1424 firmant,
1617 1374 1687 1427 qui

176 1443 295 1493 nihil,
342 1441 412 1482 nifi
438 1436 716 1482 observatione
750 1439 854 1481 duce
879 1440 920 1481 &
946 1439 1080 1493 judice
1108 1441 1290 1493 tradidit,
1341 1444 1382 1484 ἃ
1403 1444 1537 1497 potius
1568 1456 1687 1496 parce

175 1514 307 1570 loqui,
350 1512 413 1554 sed
436 1526 530 1553 vere
556 1511 706 1562 voluit,
749 1525 873 1566 quam
895 1512 1103 1553 volumina
1134 1513 1405 1554 Relationibus
1430 1514 1599 1567 implere
1622 1527 1688 1553 ex-

176 1586 298 1626 oticis;
333 1584 514 1624 Nomina
535 1583 627 1634 fibi,
661 1596 745 1623 non
762 1581 1003 1623 metor-ibus
1017 1585 1190 1635 notavit,
1225 1597 1268 1625 ut
1291 1584 1496 1625 occafione
1513 1583 1687 1634 ferente,

176 1656 413 1712 quaestiones
429 1654 614 1705 haberet,
649 1667 748 1709 quas
762 1653 904 1694 Incolis
935 1667 1193 1708 proponeret.
1262 1656 1351 1696 Nos
1375 1654 1551 1696 eundem
1577 1655 1688 1696 Cata-

176 1728 320 1781 logum
352 1726 392 1767 δε
426 1726 673 1781 Qaestiones
696 1725 962 1773 Forffiflsstmas
991 1725 1165 1766 Eruditis
1190 1726 1367 1781 Europa:
1394 1728 1686 1780 proponimus,

177 1811 222 1840 ut
245 1801 284 1838 in
305 1799 469 1851 Scriptis
486 1796 671 1838 Arabum
691 1796 872 1850 responsa
895 1809 1083 1852 quaerant.
1151 1797 1241 1837 Nec
1261 1798 1405 1838 inutilis
1421 1797 1476 1838 est
1495 1796 1578 1838 haec
1604 1797 1688 1851 Syle

177 1870 271 1922 loge
284 1869 364 1909 aliis
376 1868 618 1916 Viatoribus,
632 1870 722 1922 qui,
747 1867 838 1908 dato
857 1869 1035 1918 nomine,
1062 1870 1102 1907 in
1122 1881 1183 1908 res
1203 1867 1302 1921 ipsas
1322 1870 1543 1924 inquirant,
1560 1870 1689 1922 ignoti

180 1941 289 1981 enim
306 1938 413 1979 nulla
434 1939 488 1978 est
508 1937 673 1978 scientia.
741 1938 886 1980 Incolae
901 1937 1020 1980 rudes
1035 1938 1122 1992 ipfi,
1158 1951 1268 1980 terrae
1287 1938 1465 1979 indolem
1481 1941 1687 1993 ignorant,

177 2024 307 2066 usque
335 2009 435 2051 dum
455 2008 607 2050 indiciis
644 2009 846 2050 moniti&
874 2010 1030 2050 excitati
1050 2008 1190 2049 vident
1208 2009 1250 2051 ἃ
1268 2009 1505 2066 loquuntur.
1567 2012 1687 2053 Deni-

179 2096 282 2137 que,
316 2080 444 2122 nescio
464 2094 546 2136 quo
575 2079 658 2121 nisu
676 2080 796 2121 dubia
823 2081 864 2122 &
887 2079 1052 2121 obscura
1073 2082 1204 2133 potius
1227 2081 1526 2135 investigamus,
1561 2097 1715 2149 quam⁴

178 2153 358 2207 vulgaria
378 2152 418 2192 &
441 2151 585 2205 patula.
651 2151 820 2192 Scientia
836 2164 1002 2207 quoque
1019 2151 1220 2192 Naturalis
1239 2151 1353 2192 suum
1374 2151 1493 2194 habet
1508 2153 1685 2195 studium

177 2225 497 2279 Antiquitatum,
532 2221 715 2277 dumque
732 2235 783 2262 ex
806 2222 971 2262 Oriente
990 2235 1158 2263 munera
1177 2224 1296 2264 mittit
1315 2223 1686 2279 i11tegra,hierogly-

177 2294 294 2349 phica
313 2294 354 2336 δε
375 2292 574 2347 fragmina
594 2292 731 2348 scripta
751 2292 1011 2347 interspargit.
1537 2295 1623 2337 Pari
