<?xml version="1.0" encoding="UTF-8"?>
<!DOCTYPE html PUBLIC "-//W3C//DTD XHTML 1.0 Transitional//EN"
    "http://www.w3.org/TR/xhtml1/DTD/xhtml1-transitional.dtd">
<html xmlns="http://www.w3.org/1999/xhtml" xml:lang="en" lang="en">
 <head>
  <title>
</title>
<meta http-equiv="Content-Type" content="text/html;charset=utf-8" />
  <meta name='ocr-system' content='tesseract 3.04.00' />
  <meta name='ocr-capabilities' content='ocr_page ocr_carea ocr_par ocr_line ocrx_word'/>
</head>
<body>
  <div class='ocr_page' id='page_1' title='image "./descriptionesani00fors_0016.png"; bbox 0 0 1856 2610; ppageno 0'>
   <div class='ocr_carea' id='block_1_1' title="bbox 243 174 1125 233">
    <p class='ocr_par' dir='ltr' id='par_1_1' title="bbox 243 174 1125 233">
     <span class='ocr_line' id='line_1_1' title="bbox 243 174 1125 233; baseline -0.001 -10"><span class='ocrx_word' id='word_1_1' title='bbox 243 185 266 233; x_wconf 79' lang='lat'>8</span> <span class='ocrx_word' id='word_1_2' title='bbox 733 176 917 226; x_wconf 44' lang='lat' dir='ltr'>Qsssffissfi&amp;</span> <span class='ocrx_word' id='word_1_3' title='bbox 931 174 1125 222; x_wconf 44' lang='lat' dir='ltr'>effa-*5²2³</span> 
     </span>
    </p>
   </div>
   <div class='ocr_carea' id='block_1_2' title="bbox 171 286 1697 2326">
    <p class='ocr_par' dir='ltr' id='par_1_2' title="bbox 175 286 1697 1195">
     <span class='ocr_line' id='line_1_2' title="bbox 176 286 1693 344; baseline -0.001 -10"><span class='ocrx_word' id='word_1_4' title='bbox 176 293 284 334; x_wconf 77' lang='lat' dir='ltr'>enim</span> <span class='ocrx_word' id='word_1_5' title='bbox 300 303 419 340; x_wconf 86' lang='lat' dir='ltr'>vero,</span> <span class='ocrx_word' id='word_1_6' title='bbox 453 289 538 332; x_wconf 74' lang='lat' dir='ltr'>haee</span> <span class='ocrx_word' id='word_1_7' title='bbox 569 287 789 331; x_wconf 81' lang='lat' dir='ltr'>distributio</span> <span class='ocrx_word' id='word_1_8' title='bbox 816 290 857 329; x_wconf 90' lang='lat' dir='ltr'>in</span> <span class='ocrx_word' id='word_1_9' title='bbox 875 287 1087 344; x_wconf 77' lang='lat' dir='ltr'>tranquillo</span> <span class='ocrx_word' id='word_1_10' title='bbox 1112 286 1246 328; x_wconf 65' lang='lat' dir='ltr'>museo</span> <span class='ocrx_word' id='word_1_11' title='bbox 1271 286 1377 328; x_wconf 81' lang='lat' dir='ltr'>haud</span> <span class='ocrx_word' id='word_1_12' title='bbox 1410 288 1511 330; x_wconf 89' lang='lat' dir='ltr'>utilis</span> <span class='ocrx_word' id='word_1_13' title='bbox 1529 322 1538 340; x_wconf 81' lang='lat'>‚</span> <span class='ocrx_word' id='word_1_14' title='bbox 1581 292 1693 332; x_wconf 79' lang='lat' dir='ltr'>nullo</span> 
     </span>
     <span class='ocr_line' id='line_1_3' title="bbox 175 358 1697 417; baseline -0.001 -13"><span class='ocrx_word' id='word_1_15' title='bbox 175 360 366 404; x_wconf 82' lang='lat' dir='ltr'>consensu</span> <span class='ocrx_word' id='word_1_16' title='bbox 398 358 662 417; x_wconf 85' lang='lat' dir='ltr'>approbanda</span> <span class='ocrx_word' id='word_1_17' title='bbox 694 360 847 401; x_wconf 87' lang='lat' dir='ltr'>Viatori</span> <span class='ocrx_word' id='word_1_18' title='bbox 874 359 929 400; x_wconf 90' lang='lat' dir='ltr'>est</span> <span class='ocrx_word' id='word_1_19' title='bbox 948 393 957 410; x_wconf 89' lang='lat'>,</span> <span class='ocrx_word' id='word_1_20' title='bbox 993 371 1118 414; x_wconf 84' lang='lat' dir='ltr'>quem</span> <span class='ocrx_word' id='word_1_21' title='bbox 1152 360 1341 400; x_wconf 85' lang='lat' dir='ltr'>continua</span> <span class='ocrx_word' id='word_1_22' title='bbox 1373 372 1495 400; x_wconf 74' lang='lat' dir='ltr'>vexat</span> <span class='ocrx_word' id='word_1_23' title='bbox 1539 360 1697 402; x_wconf 81' lang='lat' dir='ltr'>sarcina—</span> 
     </span>
     <span class='ocr_line' id='line_1_4' title="bbox 175 427 1693 487; baseline -0.002 -11"><span class='ocrx_word' id='word_1_24' title='bbox 175 445 269 476; x_wconf 84' lang='lat' dir='ltr'>rum</span> <span class='ocrx_word' id='word_1_25' title='bbox 294 433 453 485; x_wconf 74' lang='lat' dir='ltr'>agitatio</span> <span class='ocrx_word' id='word_1_26' title='bbox 473 430 515 471; x_wconf 68' lang='grc' dir='ltr'>δε</span> <span class='ocrx_word' id='word_1_27' title='bbox 533 430 728 473; x_wconf 75' lang='lat' dir='ltr'><strong>evolutio.</strong></span> <span class='ocrx_word' id='word_1_28' title='bbox 794 431 930 487; x_wconf 84' lang='lat' dir='ltr'>Qam</span> <span class='ocrx_word' id='word_1_29' title='bbox 947 429 1058 471; x_wconf 84' lang='lat' dir='ltr'>facile</span> <span class='ocrx_word' id='word_1_30' title='bbox 1084 427 1269 471; x_wconf 87' lang='lat' dir='ltr'>foliolum</span> <span class='ocrx_word' id='word_1_31' title='bbox 1296 428 1470 484; x_wconf 80' lang='lat' dir='ltr'>aufugit,</span> <span class='ocrx_word' id='word_1_32' title='bbox 1504 431 1620 486; x_wconf 88' lang='lat' dir='ltr'>quod</span> <span class='ocrx_word' id='word_1_33' title='bbox 1641 446 1693 474; x_wconf 77' lang='lat' dir='ltr'>ex</span> 
     </span>
     <span class='ocr_line' id='line_1_5' title="bbox 178 499 1693 557; baseline -0.001 -13"><span class='ocrx_word' id='word_1_34' title='bbox 178 505 373 546; x_wconf 83' lang='lat' dir='ltr'>memoria</span> <span class='ocrx_word' id='word_1_35' title='bbox 401 502 605 545; x_wconf 86' lang='lat' dir='ltr'>restituere</span> <span class='ocrx_word' id='word_1_36' title='bbox 634 503 776 557; x_wconf 75' lang='lat' dir='ltr'>nequit</span> <span class='ocrx_word' id='word_1_37' title='bbox 799 501 957 544; x_wconf 53' lang='lat' dir='ltr'>Auerni·</span> <span class='ocrx_word' id='word_1_38' title='bbox 982 499 1087 555; x_wconf 82' lang='lat' dir='ltr'>ipse3</span> <span class='ocrx_word' id='word_1_39' title='bbox 1139 500 1261 555; x_wconf 79' lang='lat' dir='ltr'>longe</span> <span class='ocrx_word' id='word_1_40' title='bbox 1285 502 1418 542; x_wconf 86' lang='lat' dir='ltr'>minus</span> <span class='ocrx_word' id='word_1_41' title='bbox 1445 504 1500 543; x_wconf 86' lang='lat' dir='ltr'>rei</span> <span class='ocrx_word' id='word_1_42' title='bbox 1529 503 1693 556; x_wconf 66' lang='lat' dir='ltr'>perditae</span> 
     </span>
     <span class='ocr_line' id='line_1_6' title="bbox 176 570 1694 628; baseline 0 -13"><span class='ocrx_word' id='word_1_43' title='bbox 176 576 342 628; x_wconf 76' lang='lat' dir='ltr'>ignarus</span> <span class='ocrx_word' id='word_1_44' title='bbox 369 571 492 615; x_wconf 81' lang='lat' dir='ltr'>alter?</span> <span class='ocrx_word' id='word_1_45' title='bbox 527 571 726 616; x_wconf 77' lang='lat' dir='ltr'>Chartulae</span> <span class='ocrx_word' id='word_1_46' title='bbox 753 571 800 613; x_wconf 87' lang='lat' dir='ltr'>ad</span> <span class='ocrx_word' id='word_1_47' title='bbox 827 574 985 614; x_wconf 81' lang='lat' dir='ltr'>ruinam</span> <span class='ocrx_word' id='word_1_48' title='bbox 1010 570 1093 626; x_wconf 86' lang='lat' dir='ltr'>jam</span> <span class='ocrx_word' id='word_1_49' title='bbox 1120 571 1230 612; x_wconf 63' lang='lat' dir='ltr'>scili-“se</span> <span class='ocrx_word' id='word_1_50' title='bbox 1253 571 1295 613; x_wconf 71' lang='grc' dir='ltr'>δε</span> <span class='ocrx_word' id='word_1_51' title='bbox 1322 585 1465 625; x_wconf 80' lang='lat' dir='ltr'>paratae</span> <span class='ocrx_word' id='word_1_52' title='bbox 1491 572 1694 615; x_wconf 64' lang='lat' dir='ltr'>lum-edem</span> 
     </span>
     <span class='ocr_line' id='line_1_7' title="bbox 176 642 1693 700; baseline -0.001 -14"><span class='ocrx_word' id='word_1_53' title='bbox 176 646 389 700; x_wconf 84' lang='lat' dir='ltr'>requirunt</span> <span class='ocrx_word' id='word_1_54' title='bbox 414 642 665 686; x_wconf 82' lang='lat' dir='ltr'>scientiarum</span> <span class='ocrx_word' id='word_1_55' title='bbox 689 643 979 693; x_wconf 82' lang='lat' dir='ltr'>avidiffimum‚</span> <span class='ocrx_word' id='word_1_56' title='bbox 1021 645 1085 684; x_wconf 87' lang='lat' dir='ltr'>cui</span> <span class='ocrx_word' id='word_1_57' title='bbox 1114 655 1239 696; x_wconf 80' lang='lat' dir='ltr'>grave</span> <span class='ocrx_word' id='word_1_58' title='bbox 1263 656 1347 684; x_wconf 89' lang='lat' dir='ltr'>non</span> <span class='ocrx_word' id='word_1_59' title='bbox 1369 645 1441 684; x_wconf 85' lang='lat' dir='ltr'>erit</span> <span class='ocrx_word' id='word_1_60' title='bbox 1469 647 1569 685; x_wconf 86' lang='lat' dir='ltr'>inter</span> <span class='ocrx_word' id='word_1_61' title='bbox 1590 643 1693 698; x_wconf 70' lang='lat' dir='ltr'>frag-</span> 
     </span>
     <span class='ocr_line' id='line_1_8' title="bbox 177 712 1692 770; baseline -0.001 -13"><span class='ocrx_word' id='word_1_62' title='bbox 177 718 286 759; x_wconf 83' lang='lat' dir='ltr'>mina</span> <span class='ocrx_word' id='word_1_63' title='bbox 317 714 490 769; x_wconf 61' lang='lat' dir='ltr'>disjeffcae</span> <span class='ocrx_word' id='word_1_64' title='bbox 511 715 686 758; x_wconf 76' lang='lat' dir='ltr'>materiae</span> <span class='ocrx_word' id='word_1_65' title='bbox 710 715 882 770; x_wconf 80' lang='lat' dir='ltr'>serpere,</span> <span class='ocrx_word' id='word_1_66' title='bbox 924 726 968 755; x_wconf 88' lang='lat' dir='ltr'>ut</span> <span class='ocrx_word' id='word_1_67' title='bbox 991 712 1162 756; x_wconf 83' lang='lat' dir='ltr'>solidum</span> <span class='ocrx_word' id='word_1_68' title='bbox 1198 727 1248 755; x_wconf 85' lang='lat' dir='ltr'>ex</span> <span class='ocrx_word' id='word_1_69' title='bbox 1270 715 1316 758; x_wconf 89' lang='lat' dir='ltr'>iis</span> <span class='ocrx_word' id='word_1_70' title='bbox 1347 715 1550 756; x_wconf 86' lang='lat' dir='ltr'>construat</span> <span class='ocrx_word' id='word_1_71' title='bbox 1577 714 1692 756; x_wconf 75' lang='lat' dir='ltr'>aedifi-</span> 
     </span>
     <span class='ocr_line' id='line_1_9' title="bbox 178 783 1694 843; baseline -0.001 -15"><span class='ocrx_word' id='word_1_72' title='bbox 178 789 301 829; x_wconf 86' lang='lat' dir='ltr'>cium.</span> <span class='ocrx_word' id='word_1_73' title='bbox 367 785 470 843; x_wconf 61' lang='lat' dir='ltr'>hist,</span> <span class='ocrx_word' id='word_1_74' title='bbox 512 785 577 828; x_wconf 87' lang='lat' dir='ltr'>sua</span> <span class='ocrx_word' id='word_1_75' title='bbox 609 785 718 828; x_wconf 89' lang='lat' dir='ltr'>mole</span> <span class='ocrx_word' id='word_1_76' title='bbox 747 785 816 828; x_wconf 78' lang='lat' dir='ltr'>{ibi</span> <span class='ocrx_word' id='word_1_77' title='bbox 845 787 978 840; x_wconf 81' lang='lat' dir='ltr'>gravis</span> <span class='ocrx_word' id='word_1_78' title='bbox 1008 784 1160 838; x_wconf 60' lang='lat' dir='ltr'>{farcina</span> <span class='ocrx_word' id='word_1_79' title='bbox 1198 783 1299 827; x_wconf 76' lang='lat' dir='ltr'>foliis</span> <span class='ocrx_word' id='word_1_80' title='bbox 1337 784 1565 832; x_wconf 82' lang='lat' dir='ltr'>abundabat</span> <span class='ocrx_word' id='word_1_81' title='bbox 1596 784 1694 826; x_wconf 60' lang='lat'>030-</span> 
     </span>
     <span class='ocr_line' id='line_1_10' title="bbox 177 855 1695 914; baseline -0.001 -16"><span class='ocrx_word' id='word_1_82' title='bbox 177 871 343 902; x_wconf 80' lang='lat' dir='ltr'>centum</span> <span class='ocrx_word' id='word_1_83' title='bbox 368 857 469 899; x_wconf 88' lang='lat' dir='ltr'>ultra</span> <span class='ocrx_word' id='word_1_84' title='bbox 493 856 643 909; x_wconf 80' lang='lat' dir='ltr'>millia3</span> <span class='ocrx_word' id='word_1_85' title='bbox 693 870 873 914; x_wconf 82' lang='lat' dir='ltr'>quorum</span> <span class='ocrx_word' id='word_1_86' title='bbox 900 856 1052 912; x_wconf 82' lang='lat' dir='ltr'>aliquot</span> <span class='ocrx_word' id='word_1_87' title='bbox 1094 869 1115 897; x_wconf 89' lang='lat' dir='ltr'>e</span> <span class='ocrx_word' id='word_1_88' title='bbox 1139 855 1358 897; x_wconf 77' lang='lat' dir='ltr'>Poffefforis</span> <span class='ocrx_word' id='word_1_89' title='bbox 1381 870 1506 897; x_wconf 87' lang='lat' dir='ltr'>manu</span> <span class='ocrx_word' id='word_1_90' title='bbox 1536 855 1695 897; x_wconf 86' lang='lat' dir='ltr'>dudum</span> 
     </span>
     <span class='ocr_line' id='line_1_11' title="bbox 175 926 1696 985; baseline -0.003 -14"><span class='ocrx_word' id='word_1_91' title='bbox 175 928 361 971; x_wconf 63' lang='lat' dir='ltr'>excidisse</span> <span class='ocrx_word' id='word_1_92' title='bbox 378 928 568 972; x_wconf 83' lang='lat' dir='ltr'>credibile</span> <span class='ocrx_word' id='word_1_93' title='bbox 591 928 664 982; x_wconf 82' lang='lat' dir='ltr'>est3</span> <span class='ocrx_word' id='word_1_94' title='bbox 699 928 879 971; x_wconf 69' lang='lat' dir='ltr'>interiisse</span> <span class='ocrx_word' id='word_1_95' title='bbox 894 926 1109 985; x_wconf 84' lang='lat' dir='ltr'>posthuma</span> <span class='ocrx_word' id='word_1_96' title='bbox 1126 940 1210 969; x_wconf 88' lang='lat' dir='ltr'>non</span> <span class='ocrx_word' id='word_1_97' title='bbox 1232 929 1366 968; x_wconf 87' lang='lat' dir='ltr'>minus</span> <span class='ocrx_word' id='word_1_98' title='bbox 1385 939 1553 968; x_wconf 87' lang='lat' dir='ltr'>certum.</span> <span class='ocrx_word' id='word_1_99' title='bbox 1618 927 1696 967; x_wconf 77' lang='lat' dir='ltr'>Hae</span> 
     </span>
     <span class='ocr_line' id='line_1_12' title="bbox 176 995 1695 1060; baseline -0.005 -16"><span class='ocrx_word' id='word_1_100' title='bbox 176 1000 352 1051; x_wconf 80' lang='lat' dir='ltr'>laeunae,</span> <span class='ocrx_word' id='word_1_101' title='bbox 387 1001 574 1060; x_wconf 79' lang='lat' dir='ltr'>quamvis</span> <span class='ocrx_word' id='word_1_102' title='bbox 599 997 830 1056; x_wconf 70' lang='lat' dir='ltr'>reparandae</span> <span class='ocrx_word' id='word_1_103' title='bbox 856 998 977 1039; x_wconf 90' lang='lat' dir='ltr'>hodie</span> <span class='ocrx_word' id='word_1_104' title='bbox 1003 1011 1088 1038; x_wconf 89' lang='lat' dir='ltr'>non</span> <span class='ocrx_word' id='word_1_105' title='bbox 1114 995 1220 1049; x_wconf 89' lang='lat' dir='ltr'>sunt,</span> <span class='ocrx_word' id='word_1_106' title='bbox 1254 996 1303 1039; x_wconf 88' lang='lat' dir='ltr'>ad</span> <span class='ocrx_word' id='word_1_107' title='bbox 1327 1010 1530 1052; x_wconf 69' lang='lat' dir='ltr'>perpetuae</span> <span class='ocrx_word' id='word_1_108' title='bbox 1558 1010 1695 1038; x_wconf 85' lang='lat' dir='ltr'>tamen</span> 
     </span>
     <span class='ocr_line' id='line_1_13' title="bbox 176 1067 1695 1124; baseline -0.004 -9"><span class='ocrx_word' id='word_1_109' title='bbox 176 1072 393 1115; x_wconf 77' lang='lat' dir='ltr'>oblivionis</span> <span class='ocrx_word' id='word_1_110' title='bbox 421 1072 550 1114; x_wconf 86' lang='lat' dir='ltr'>inania</span> <span class='ocrx_word' id='word_1_111' title='bbox 585 1083 670 1110; x_wconf 84' lang='lat' dir='ltr'>non</span> <span class='ocrx_word' id='word_1_112' title='bbox 701 1072 930 1124; x_wconf 82' lang='lat' dir='ltr'>pertinent,</span> <span class='ocrx_word' id='word_1_113' title='bbox 982 1068 1083 1110; x_wconf 87' lang='lat' dir='ltr'>dum</span> <span class='ocrx_word' id='word_1_114' title='bbox 1108 1067 1208 1111; x_wconf 82' lang='lat' dir='ltr'>locis</span> <span class='ocrx_word' id='word_1_115' title='bbox 1240 1069 1282 1110; x_wconf 91' lang='lat' dir='ltr'>in</span> <span class='ocrx_word' id='word_1_116' title='bbox 1310 1069 1504 1112; x_wconf 83' lang='lat' dir='ltr'>natalibus</span> <span class='ocrx_word' id='word_1_117' title='bbox 1540 1067 1695 1110; x_wconf 66' lang='lat' dir='ltr'>eaedem</span> 
     </span>
     <span class='ocr_line' id='line_1_14' title="bbox 176 1140 1120 1195; baseline -0.006 -9"><span class='ocrx_word' id='word_1_118' title='bbox 176 1142 358 1187; x_wconf 77' lang='lat' dir='ltr'>creseunt</span> <span class='ocrx_word' id='word_1_119' title='bbox 376 1143 538 1195; x_wconf 75' lang='lat' dir='ltr'>Plamae,</span> <span class='ocrx_word' id='word_1_120' title='bbox 573 1141 713 1183; x_wconf 72' lang='lat' dir='ltr'>eadem</span> <span class='ocrx_word' id='word_1_121' title='bbox 740 1140 1120 1191; x_wconf 67' lang='lat' dir='ltr'>vivuntAnimalia.</span> 
     </span>
    </p>

    <p class='ocr_par' dir='ltr' id='par_1_3' title="bbox 171 1211 1695 1911">
     <span class='ocr_line' id='line_1_15' title="bbox 377 1211 1694 1265; baseline -0.005 -9"><span class='ocrx_word' id='word_1_122' title='bbox 377 1215 485 1257; x_wconf 83' lang='lat' dir='ltr'>Msc.</span> <span class='ocrx_word' id='word_1_123' title='bbox 520 1213 670 1255; x_wconf 82' lang='lat' dir='ltr'>horum</span> <span class='ocrx_word' id='word_1_124' title='bbox 699 1212 796 1257; x_wconf 75' lang='lat' dir='ltr'>¹salus</span> <span class='ocrx_word' id='word_1_125' title='bbox 820 1212 923 1254; x_wconf 86' lang='lat' dir='ltr'>illico</span> <span class='ocrx_word' id='word_1_126' title='bbox 953 1225 1019 1252; x_wconf 85' lang='lat' dir='ltr'>me</span> <span class='ocrx_word' id='word_1_127' title='bbox 1044 1225 1095 1252; x_wconf 82' lang='lat' dir='ltr'>ex</span> <span class='ocrx_word' id='word_1_128' title='bbox 1128 1211 1295 1254; x_wconf 79' lang='lat' dir='ltr'>Oriente</span> <span class='ocrx_word' id='word_1_129' title='bbox 1326 1211 1521 1253; x_wconf 86' lang='lat' dir='ltr'>reducem</span> <span class='ocrx_word' id='word_1_130' title='bbox 1556 1213 1694 1265; x_wconf 75' lang='lat' dir='ltr'>tetigit.</span> 
     </span>
     <span class='ocr_line' id='line_1_16' title="bbox 176 1281 1695 1339; baseline -0.001 -14"><span class='ocrx_word' id='word_1_131' title='bbox 176 1285 320 1338; x_wconf 75' lang='lat' dir='ltr'>Quum</span> <span class='ocrx_word' id='word_1_132' title='bbox 349 1299 447 1327; x_wconf 86' lang='lat' dir='ltr'>vero</span> <span class='ocrx_word' id='word_1_133' title='bbox 481 1286 618 1339; x_wconf 73' lang='lat' dir='ltr'>accepi</span> <span class='ocrx_word' id='word_1_134' title='bbox 652 1297 797 1328; x_wconf 84' lang='lat' dir='ltr'>eorum</span> <span class='ocrx_word' id='word_1_135' title='bbox 833 1283 997 1324; x_wconf 75' lang='lat' dir='ltr'>tutelam</span> <span class='ocrx_word' id='word_1_136' title='bbox 1029 1281 1280 1325; x_wconf 77' lang='lat' dir='ltr'>commissam</span> <span class='ocrx_word' id='word_1_137' title='bbox 1316 1282 1417 1323; x_wconf 89' lang='lat' dir='ltr'>Viro</span> <span class='ocrx_word' id='word_1_138' title='bbox 1449 1284 1489 1323; x_wconf 92' lang='lat' dir='ltr'>in</span> <span class='ocrx_word' id='word_1_139' title='bbox 1524 1282 1695 1324; x_wconf 74' lang='lat' dir='ltr'>Scientia</span> 
     </span>
     <span class='ocr_line' id='line_1_17' title="bbox 175 1353 1695 1411; baseline -0.003 -13"><span class='ocrx_word' id='word_1_140' title='bbox 175 1356 357 1398; x_wconf 79' lang='lat' dir='ltr'>Naturali</span> <span class='ocrx_word' id='word_1_141' title='bbox 388 1356 650 1411; x_wconf 83' lang='lat' dir='ltr'>peritiffimo,</span> <span class='ocrx_word' id='word_1_142' title='bbox 692 1368 860 1399; x_wconf 85' lang='lat' dir='ltr'>omnem</span> <span class='ocrx_word' id='word_1_143' title='bbox 883 1353 1186 1398; x_wconf 65' lang='lat' dir='ltr'>sollicitudinem</span> <span class='ocrx_word' id='word_1_144' title='bbox 1217 1353 1393 1409; x_wconf 78' lang='lat' dir='ltr'>deposui.</span> <span class='ocrx_word' id='word_1_145' title='bbox 1491 1354 1617 1396; x_wconf 88' lang='lat' dir='ltr'>Anno</span> <span class='ocrx_word' id='word_1_146' title='bbox 1645 1366 1695 1394; x_wconf 86' lang='lat' dir='ltr'>ta-</span> 
     </span>
     <span class='ocr_line' id='line_1_18' title="bbox 175 1423 1695 1485; baseline -0.004 -14"><span class='ocrx_word' id='word_1_147' title='bbox 175 1441 271 1471; x_wconf 83' lang='lat' dir='ltr'>men</span> <span class='ocrx_word' id='word_1_148' title='bbox 293 1429 379 1485; x_wconf 83' lang='lat' dir='ltr'>post</span> <span class='ocrx_word' id='word_1_149' title='bbox 397 1441 550 1471; x_wconf 81' lang='lat' dir='ltr'>annum</span> <span class='ocrx_word' id='word_1_150' title='bbox 566 1427 743 1477; x_wconf 74' lang='lat' dir='ltr'>labente,</span> <span class='ocrx_word' id='word_1_151' title='bbox 777 1426 1013 1474; x_wconf 67' lang='lat' dir='ltr'>Forsk.}li2mz</span> <span class='ocrx_word' id='word_1_152' title='bbox 1033 1426 1151 1467; x_wconf 80' lang='lat' dir='ltr'>nimis</span> <span class='ocrx_word' id='word_1_153' title='bbox 1172 1424 1220 1466; x_wconf 90' lang='lat' dir='ltr'>ad</span> <span class='ocrx_word' id='word_1_154' title='bbox 1239 1425 1489 1466; x_wconf 86' lang='lat' dir='ltr'>oblivionem</span> <span class='ocrx_word' id='word_1_155' title='bbox 1506 1423 1695 1466; x_wconf 79' lang='lat' dir='ltr'>recedere</span> 
     </span>
     <span class='ocr_line' id='line_1_19' title="bbox 172 1496 1693 1551; baseline -0.003 -9"><span class='ocrx_word' id='word_1_156' title='bbox 172 1499 310 1551; x_wconf 82' lang='lat' dir='ltr'>dolui,</span> <span class='ocrx_word' id='word_1_157' title='bbox 344 1500 385 1541; x_wconf 83' lang='lat'>&amp;</span> <span class='ocrx_word' id='word_1_158' title='bbox 408 1498 613 1542; x_wconf 75' lang='lat' dir='ltr'>fasciculos</span> <span class='ocrx_word' id='word_1_159' title='bbox 632 1497 864 1539; x_wconf 79' lang='lat' dir='ltr'>laciniarum</span> <span class='ocrx_word' id='word_1_160' title='bbox 891 1499 987 1538; x_wconf 87' lang='lat' dir='ltr'>vitio</span> <span class='ocrx_word' id='word_1_161' title='bbox 1009 1497 1058 1538; x_wconf 83' lang='lat' dir='ltr'>ab</span> <span class='ocrx_word' id='word_1_162' title='bbox 1084 1498 1244 1537; x_wconf 86' lang='lat' dir='ltr'>interitu</span> <span class='ocrx_word' id='word_1_163' title='bbox 1269 1496 1305 1537; x_wconf 91' lang='lat' dir='ltr'>se</span> <span class='ocrx_word' id='word_1_164' title='bbox 1331 1510 1416 1538; x_wconf 89' lang='lat' dir='ltr'>non</span> <span class='ocrx_word' id='word_1_165' title='bbox 1440 1496 1544 1541; x_wconf 88' lang='lat' dir='ltr'>bene</span> <span class='ocrx_word' id='word_1_166' title='bbox 1571 1500 1693 1548; x_wconf 80' lang='lat' dir='ltr'>tueri,</span> 
     </span>
     <span class='ocr_line' id='line_1_20' title="bbox 171 1567 1693 1627; baseline -0.002 -15"><span class='ocrx_word' id='word_1_167' title='bbox 171 1569 279 1627; x_wconf 86' lang='lat' dir='ltr'>justo</span> <span class='ocrx_word' id='word_1_168' title='bbox 300 1571 395 1613; x_wconf 84' lang='lat' dir='ltr'>sensi</span> <span class='ocrx_word' id='word_1_169' title='bbox 417 1573 575 1615; x_wconf 72' lang='lat' dir='ltr'>timore.</span> <span class='ocrx_word' id='word_1_170' title='bbox 643 1570 845 1624; x_wconf 81' lang='lat' dir='ltr'>Qamvis</span> <span class='ocrx_word' id='word_1_171' title='bbox 871 1567 1003 1610; x_wconf 85' lang='lat' dir='ltr'>adhue</span> <span class='ocrx_word' id='word_1_172' title='bbox 1025 1581 1110 1609; x_wconf 91' lang='lat' dir='ltr'>non</span> <span class='ocrx_word' id='word_1_173' title='bbox 1132 1568 1322 1618; x_wconf 85' lang='lat' dir='ltr'>constitit,</span> <span class='ocrx_word' id='word_1_174' title='bbox 1356 1568 1454 1624; x_wconf 88' lang='lat' dir='ltr'>quid</span> <span class='ocrx_word' id='word_1_175' title='bbox 1480 1581 1693 1624; x_wconf 81' lang='lat' dir='ltr'>quantum-</span> 
     </span>
     <span class='ocr_line' id='line_1_21' title="bbox 171 1638 1695 1703; baseline -0.003 -18"><span class='ocrx_word' id='word_1_176' title='bbox 171 1657 257 1703; x_wconf 83' lang='lat' dir='ltr'>que</span> <span class='ocrx_word' id='word_1_177' title='bbox 278 1645 376 1685; x_wconf 88' lang='lat' dir='ltr'>novi</span> <span class='ocrx_word' id='word_1_178' title='bbox 393 1642 530 1687; x_wconf 83' lang='lat' dir='ltr'>lateret</span> <span class='ocrx_word' id='word_1_179' title='bbox 549 1643 590 1683; x_wconf 90' lang='lat' dir='ltr'>in</span> <span class='ocrx_word' id='word_1_180' title='bbox 610 1652 714 1683; x_wconf 87' lang='lat' dir='ltr'>tanta</span> <span class='ocrx_word' id='word_1_181' title='bbox 732 1638 950 1694; x_wconf 81' lang='lat' dir='ltr'>farragine,</span> <span class='ocrx_word' id='word_1_182' title='bbox 985 1638 1091 1680; x_wconf 89' lang='lat' dir='ltr'>illam</span> <span class='ocrx_word' id='word_1_183' title='bbox 1116 1638 1289 1693; x_wconf 86' lang='lat' dir='ltr'>plurima</span> <span class='ocrx_word' id='word_1_184' title='bbox 1314 1650 1449 1681; x_wconf 86' lang='lat' dir='ltr'>tenere</span> <span class='ocrx_word' id='word_1_185' title='bbox 1467 1639 1616 1681; x_wconf 70' lang='lat' dir='ltr'>curiosa</span> <span class='ocrx_word' id='word_1_186' title='bbox 1636 1638 1695 1693; x_wconf 77' lang='lat' dir='ltr'>ju-</span> 
     </span>
     <span class='ocr_line' id='line_1_22' title="bbox 171 1709 1693 1769; baseline -0.002 -12"><span class='ocrx_word' id='word_1_187' title='bbox 171 1713 304 1757; x_wconf 78' lang='lat' dir='ltr'>dicavi</span> <span class='ocrx_word' id='word_1_188' title='bbox 323 1727 424 1769; x_wconf 75' lang='lat' dir='ltr'>ego,</span> <span class='ocrx_word' id='word_1_189' title='bbox 460 1715 529 1769; x_wconf 82' lang='lat' dir='ltr'>qui</span> <span class='ocrx_word' id='word_1_190' title='bbox 545 1713 728 1762; x_wconf 61' lang='lat' dir='ltr'>Forffiill&#39;z·</span> <span class='ocrx_word' id='word_1_191' title='bbox 747 1710 987 1766; x_wconf 80' lang='lat' dir='ltr'>stupendam</span> <span class='ocrx_word' id='word_1_192' title='bbox 1006 1709 1253 1763; x_wconf 81' lang='lat' dir='ltr'>diligentiam</span> <span class='ocrx_word' id='word_1_193' title='bbox 1275 1711 1389 1751; x_wconf 84' lang='lat' dir='ltr'>toties</span> <span class='ocrx_word' id='word_1_194' title='bbox 1407 1712 1571 1752; x_wconf 80' lang='lat' dir='ltr'>miratus</span> <span class='ocrx_word' id='word_1_195' title='bbox 1592 1710 1693 1754; x_wconf 86' lang='lat' dir='ltr'>sum.</span> 
     </span>
     <span class='ocr_line' id='line_1_23' title="bbox 171 1780 1692 1840; baseline -0.003 -12"><span class='ocrx_word' id='word_1_196' title='bbox 171 1785 409 1840; x_wconf 74' lang='lat' dir='ltr'>AEgerrime</span> <span class='ocrx_word' id='word_1_197' title='bbox 439 1785 526 1835; x_wconf 88' lang='lat' dir='ltr'>tuli,</span> <span class='ocrx_word' id='word_1_198' title='bbox 562 1784 589 1830; x_wconf 80' lang='lat' dir='ltr'>fi</span> <span class='ocrx_word' id='word_1_199' title='bbox 612 1798 662 1826; x_wconf 82' lang='lat' dir='ltr'>ex</span> <span class='ocrx_word' id='word_1_200' title='bbox 689 1785 802 1826; x_wconf 83' lang='lat' dir='ltr'>tantis</span> <span class='ocrx_word' id='word_1_201' title='bbox 846 1780 1049 1824; x_wconf 79' lang='lat' dir='ltr'>laboribus</span> <span class='ocrx_word' id='word_1_202' title='bbox 1078 1781 1118 1822; x_wconf 85' lang='lat'>&amp;</span> <span class='ocrx_word' id='word_1_203' title='bbox 1147 1780 1334 1837; x_wconf 81' lang='lat' dir='ltr'>perieulis</span> <span class='ocrx_word' id='word_1_204' title='bbox 1364 1780 1461 1824; x_wconf 89' lang='lat' dir='ltr'>nihil</span> <span class='ocrx_word' id='word_1_205' title='bbox 1487 1795 1692 1835; x_wconf 72' lang='lat' dir='ltr'>maneret,</span> 
     </span>
     <span class='ocr_line' id='line_1_24' title="bbox 173 1856 761 1911; baseline -0.005 -14"><span class='ocrx_word' id='word_1_206' title='bbox 173 1857 247 1902; x_wconf 83' lang='lat' dir='ltr'>nisi</span> <span class='ocrx_word' id='word_1_207' title='bbox 267 1858 406 1911; x_wconf 84' lang='lat' dir='ltr'>opinio</span> <span class='ocrx_word' id='word_1_208' title='bbox 427 1858 484 1898; x_wconf 82' lang='lat' dir='ltr'>rei</span> <span class='ocrx_word' id='word_1_209' title='bbox 506 1856 610 1901; x_wconf 78' lang='lat' dir='ltr'>bene</span> <span class='ocrx_word' id='word_1_210' title='bbox 627 1856 761 1910; x_wconf 74' lang='lat' dir='ltr'>gestae.</span> 
     </span>
    </p>

    <p class='ocr_par' dir='ltr' id='par_1_4' title="bbox 172 1923 1696 2271">
     <span class='ocr_line' id='line_1_25' title="bbox 374 1923 1692 1983; baseline -0.001 -14"><span class='ocrx_word' id='word_1_211' title='bbox 374 1928 442 1969; x_wconf 84' lang='lat' dir='ltr'>Ne</span> <span class='ocrx_word' id='word_1_212' title='bbox 468 1929 590 1983; x_wconf 83' lang='lat' dir='ltr'>igitur</span> <span class='ocrx_word' id='word_1_213' title='bbox 614 1937 884 1968; x_wconf 85' lang='lat' dir='ltr'>monumenta</span> <span class='ocrx_word' id='word_1_214' title='bbox 914 1925 997 1966; x_wconf 76' lang='lat' dir='ltr'>haee</span> <span class='ocrx_word' id='word_1_215' title='bbox 1025 1927 1067 1968; x_wconf 88' lang='lat' dir='ltr'>in</span> <span class='ocrx_word' id='word_1_216' title='bbox 1089 1925 1249 1979; x_wconf 84' lang='lat' dir='ltr'>ancipiti</span> <span class='ocrx_word' id='word_1_217' title='bbox 1279 1923 1425 1967; x_wconf 87' lang='lat' dir='ltr'>diutius</span> <span class='ocrx_word' id='word_1_218' title='bbox 1447 1924 1692 1979; x_wconf 85' lang='lat' dir='ltr'>penderent,</span> 
     </span>
     <span class='ocr_line' id='line_1_26' title="bbox 172 1995 1694 2055; baseline -0.002 -13"><span class='ocrx_word' id='word_1_219' title='bbox 172 1999 253 2055; x_wconf 79' lang='lat' dir='ltr'>ipse</span> <span class='ocrx_word' id='word_1_220' title='bbox 281 2001 454 2054; x_wconf 73' lang='lat' dir='ltr'>experiri</span> <span class='ocrx_word' id='word_1_221' title='bbox 479 1998 609 2051; x_wconf 79' lang='lat' dir='ltr'>volui,</span> <span class='ocrx_word' id='word_1_222' title='bbox 645 1998 742 2053; x_wconf 83' lang='lat' dir='ltr'>quid</span> <span class='ocrx_word' id='word_1_223' title='bbox 770 2011 860 2039; x_wconf 82' lang='lat' dir='ltr'>mea</span> <span class='ocrx_word' id='word_1_224' title='bbox 882 1997 1031 2040; x_wconf 76' lang='lat' dir='ltr'>valeret</span> <span class='ocrx_word' id='word_1_225' title='bbox 1062 2010 1169 2038; x_wconf 78' lang='lat' dir='ltr'>cura.</span> <span class='ocrx_word' id='word_1_226' title='bbox 1234 1995 1537 2040; x_wconf 72' lang='lat' dir='ltr'>Illustriffimum</span> <span class='ocrx_word' id='word_1_227' title='bbox 1560 1998 1694 2039; x_wconf 84' lang='lat' dir='ltr'>Comi-</span> 
     </span>
     <span class='ocr_line' id='line_1_27' title="bbox 172 2067 1694 2124; baseline -0.004 -8"><span class='ocrx_word' id='word_1_228' title='bbox 172 2084 258 2116; x_wconf 79' lang='lat' dir='ltr'>tem</span> <span class='ocrx_word' id='word_1_229' title='bbox 279 2071 329 2115; x_wconf 91' lang='lat' dir='ltr'>de</span> <span class='ocrx_word' id='word_1_230' title='bbox 344 2072 641 2115; x_wconf 73' lang='lat' dir='ltr'>BERNSTORFF</span> <span class='ocrx_word' id='word_1_231' title='bbox 661 2070 735 2112; x_wconf 78' lang='lat' dir='ltr'>adii</span> <span class='ocrx_word' id='word_1_232' title='bbox 764 2069 953 2124; x_wconf 77' lang='lat' dir='ltr'>supplex,</span> <span class='ocrx_word' id='word_1_233' title='bbox 987 2081 1031 2112; x_wconf 89' lang='lat' dir='ltr'>ut</span> <span class='ocrx_word' id='word_1_234' title='bbox 1057 2067 1359 2111; x_wconf 82' lang='lat' dir='ltr'>Clementiffimi</span> <span class='ocrx_word' id='word_1_235' title='bbox 1388 2068 1548 2110; x_wconf 82' lang='lat' dir='ltr'>REGIS</span> <span class='ocrx_word' id='word_1_236' title='bbox 1577 2069 1694 2110; x_wconf 77' lang='lat' dir='ltr'>asien-</span> 
     </span>
     <span class='ocr_line' id='line_1_28' title="bbox 175 2138 1696 2199; baseline -0.005 -10"><span class='ocrx_word' id='word_1_237' title='bbox 175 2143 261 2189; x_wconf 78' lang='lat' dir='ltr'>sum</span> <span class='ocrx_word' id='word_1_238' title='bbox 288 2155 496 2199; x_wconf 63' lang='lat' dir='ltr'>expeteret</span> <span class='ocrx_word' id='word_1_239' title='bbox 518 2141 578 2183; x_wconf 71' lang='lat' dir='ltr'>his</span> <span class='ocrx_word' id='word_1_240' title='bbox 595 2142 709 2185; x_wconf 75' lang='lat' dir='ltr'>Msc,</span> <span class='ocrx_word' id='word_1_241' title='bbox 736 2141 985 2195; x_wconf 67' lang='lat' dir='ltr'>evulgandis,</span> <span class='ocrx_word' id='word_1_242' title='bbox 1051 2138 1505 2182; x_wconf 66' lang='lat' dir='ltr'>AUGUSTISSJMUS</span> <span class='ocrx_word' id='word_1_243' title='bbox 1532 2140 1696 2182; x_wconf 69' lang='lat' dir='ltr'><strong>DOMI·</strong></span> 
     </span>
     <span class='ocr_line' id='line_1_29' title="bbox 173 2209 1692 2271; baseline -0.001 -15"><span class='ocrx_word' id='word_1_244' title='bbox 173 2215 286 2258; x_wconf 82' lang='lat' dir='ltr'>NUS</span> <span class='ocrx_word' id='word_1_245' title='bbox 317 2215 414 2259; x_wconf 75' lang='lat' dir='ltr'>nihil</span> <span class='ocrx_word' id='word_1_246' title='bbox 447 2214 565 2259; x_wconf 73' lang='lat' dir='ltr'>serius</span> <span class='ocrx_word' id='word_1_247' title='bbox 596 2227 737 2271; x_wconf 84' lang='lat' dir='ltr'>optans</span> <span class='ocrx_word' id='word_1_248' title='bbox 756 2245 765 2263; x_wconf 72' lang='lat'>,</span> <span class='ocrx_word' id='word_1_249' title='bbox 810 2227 934 2269; x_wconf 69' lang='lat' dir='ltr'>quain</span> <span class='ocrx_word' id='word_1_250' title='bbox 971 2213 1121 2255; x_wconf 79' lang='lat' dir='ltr'>Itineris</span> <span class='ocrx_word' id='word_1_251' title='bbox 1150 2209 1271 2265; x_wconf 87' lang='lat' dir='ltr'>hujus</span> <span class='ocrx_word' id='word_1_252' title='bbox 1305 2210 1515 2256; x_wconf 81' lang='lat' dir='ltr'>Orientalis</span> <span class='ocrx_word' id='word_1_253' title='bbox 1546 2210 1692 2265; x_wconf 84' lang='lat' dir='ltr'>spolia,</span> 
     </span>
    </p>

    <p class='ocr_par' dir='ltr' id='par_1_5' title="bbox 1527 2282 1628 2326">
     <span class='ocr_line' id='line_1_30' title="bbox 1527 2282 1628 2326; baseline 0.01 -1"><span class='ocrx_word' id='word_1_254' title='bbox 1527 2282 1628 2326; x_wconf 86' lang='lat' dir='ltr'>dum</span> 
     </span>
    </p>
   </div>
  </div>
 </body>
</html>
